<record><leader>00000cas a2200000 a 4500</leader><controlfield tag="001">7909813</controlfield><controlfield tag="008">811105d18372008mdudr ne      0   a0eng c</controlfield><controlfield tag="009">1935</controlfield><datafield ind1=" " ind2=" " tag="010"><subfield code="a">sn 83045682 </subfield></datafield><datafield ind1=" " ind2=" " tag="040"><subfield code="a">MDS</subfield><subfield code="b">eng</subfield><subfield code="c">MDS</subfield><subfield code="d">NPW</subfield><subfield code="d">DLC</subfield><subfield code="d">NPW</subfield><subfield code="d">NPU</subfield><subfield code="d">NPX</subfield><subfield code="d">NPA</subfield><subfield code="d">DLC</subfield><subfield code="d">YOX</subfield><subfield code="d">NJW</subfield><subfield code="d">NPH</subfield><subfield code="d">YOX</subfield><subfield code="d">MFN</subfield><subfield code="d">OCL</subfield><subfield code="d">MFN</subfield><subfield code="d">OCL</subfield><subfield code="d">MFN</subfield><subfield code="d">YOX</subfield><subfield code="d">KNP</subfield><subfield code="d">MGN</subfield><subfield code="d">DLC</subfield><subfield code="d">CNK</subfield><subfield code="d">CRL</subfield><subfield code="d">MHN</subfield><subfield code="d">NVK</subfield><subfield code="d">TGN</subfield><subfield code="d">OBN</subfield><subfield code="d">NVF</subfield><subfield code="d">CRL</subfield><subfield code="d">NVF</subfield><subfield code="d">DLC</subfield><subfield code="d">NVF</subfield><subfield code="d">NLM</subfield><subfield code="d">NSD</subfield><subfield code="d">DLC</subfield><subfield code="d">OCLCQ</subfield><subfield code="d">UMC</subfield><subfield code="d">CUS</subfield><subfield code="d">KRTAS</subfield><subfield code="d">OCLCQ</subfield><subfield code="d">TXA</subfield><subfield code="d">AU@</subfield><subfield code="d">OCLCF</subfield></datafield><datafield ind1=" " ind2=" " tag="012"><subfield code="b">3</subfield><subfield code="l">a</subfield></datafield><datafield ind1="7" ind2=" " tag="016"><subfield code="a">101084448</subfield><subfield code="2">DNLM</subfield></datafield><datafield ind1=" " ind2=" " tag="019"><subfield code="a">1766798</subfield><subfield code="a">9526825</subfield><subfield code="a">9958115</subfield><subfield code="a">220104682</subfield></datafield><datafield ind1="0" ind2=" " tag="022"><subfield code="a">1930-8965</subfield><subfield code="l">1930-8965</subfield><subfield code="2">1</subfield></datafield><datafield ind1="1" ind2=" " tag="029"><subfield code="a">NLM</subfield><subfield code="b">101084448</subfield></datafield><datafield ind1="1" ind2=" " tag="029"><subfield code="a">AU@</subfield><subfield code="b">000002995771</subfield></datafield><datafield ind1=" " ind2=" " tag="037"><subfield code="b">The Baltimore Sun Company, 501 N. Calvert Street, P.0. Box 1377, Baltimore, Maryland 21278</subfield></datafield><datafield ind1=" " ind2=" " tag="037"><subfield code="b">A.S. Abell Company, 50l N. Calvert St., Baltimore, MD 21203</subfield></datafield><datafield ind1=" " ind2=" " tag="042"><subfield code="a">pcc</subfield><subfield code="a">nsdp</subfield></datafield><datafield ind1=" " ind2=" " tag="043"><subfield code="a">n-us-md</subfield></datafield><datafield ind1="0" ind2="0" tag="050"><subfield code="a">Newspaper</subfield></datafield><datafield ind1="0" ind2=" " tag="130"><subfield code="a">Sun (Baltimore, Md. : 1837)</subfield></datafield><datafield ind1=" " ind2="4" tag="222"><subfield code="a">The sun</subfield><subfield code="b">(Baltimore, Md. 1837)</subfield></datafield><datafield ind1="1" ind2="4" tag="245"><subfield code="a">The sun.</subfield></datafield><datafield ind1="1" ind2=" " tag="246"><subfield code="i">Published on Sundays Nov. 15, 1914-1983 as:</subfield><subfield code="a">Sunday sun</subfield></datafield><datafield ind1="3" ind2=" " tag="246"><subfield code="a">Baltimore sun</subfield></datafield><datafield ind1=" " ind2=" " tag="260"><subfield code="a">Baltimore, Md. :</subfield><subfield code="b">A.S. Abell Co.,</subfield><subfield code="c">1837-[2008]</subfield></datafield><datafield ind1=" " ind2=" " tag="300"><subfield code="a">v.</subfield></datafield><datafield ind1=" " ind2=" " tag="310"><subfield code="a">Daily,</subfield><subfield code="b">Oct. 6, 1901-</subfield></datafield><datafield ind1=" " ind2=" " tag="321"><subfield code="a">Daily (except Sunday),</subfield><subfield code="b">1837-Oct. 5, 1901</subfield></datafield><datafield ind1="0" ind2=" " tag="362"><subfield code="a">Vol. 1, no. 1 (May 17, 1837)-</subfield></datafield><datafield ind1="1" ind2=" " tag="362"><subfield code="a">Ceased with 171st year, no. 236 (Aug. 23, 2008).</subfield></datafield><datafield ind1=" " ind2=" " tag="500"><subfield code="a">Published &lt;2000-&gt;: Tribune Co.</subfield></datafield><datafield ind1=" " ind2=" " tag="500"><subfield code="a">Final issue consulted.</subfield></datafield><datafield ind1=" " ind2=" " tag="515"><subfield code="a">Suspended Apr. 20-May 26, 1965; Jan. 3-Mar. 17, 1970.</subfield></datafield><datafield ind1=" " ind2=" " tag="515"><subfield code="a">Sunday issues have own numbering.</subfield></datafield><datafield ind1=" " ind2=" " tag="530"><subfield code="a">Also issued on microfilm from University Microfilms International, and Library of Congress Photoduplication Service; also issued in an online version.</subfield></datafield><datafield ind1=" " ind2=" " tag="580"><subfield code="a">Weekly ed.: Baltimore weekly sun, &lt;1839-1903&gt;.</subfield></datafield><datafield ind1=" " ind2=" " tag="580"><subfield code="a">Also available from NewsBank, inc. as part of a CD-ROM with title: NewsBank CD news presents the Sun.</subfield></datafield><datafield ind1=" " ind2="0" tag="651"><subfield code="a">Baltimore (Md.)</subfield><subfield code="v">Newspapers.</subfield></datafield><datafield ind1=" " ind2="4" tag="655"><subfield code="a">Newspaper gateway</subfield><subfield code="x">United States.</subfield></datafield><datafield ind1=" " ind2="4" tag="655"><subfield code="a">Electronic journal.</subfield></datafield><datafield ind1=" " ind2="7" tag="655"><subfield code="a">Newspapers.</subfield><subfield code="2">fast</subfield><subfield code="0">(OCoLC)fst01423814</subfield></datafield><datafield ind1=" " ind2="7" tag="651"><subfield code="a">Maryland</subfield><subfield code="z">Baltimore.</subfield><subfield code="2">fast</subfield><subfield code="0">(OCoLC)fst01204292</subfield></datafield><datafield ind1=" " ind2=" " tag="752"><subfield code="a">United States</subfield><subfield code="b">Maryland</subfield><subfield code="d">Baltimore.</subfield></datafield><datafield ind1="0" ind2=" " tag="775"><subfield code="t">Evening sun (Baltimore, Md.)</subfield><subfield code="w">(DLC)sn 83016634</subfield><subfield code="w">(OCoLC)7909798</subfield></datafield><datafield ind1="1" ind2=" " tag="775"><subfield code="t">Baltimore weekly sun</subfield><subfield code="w">(DLC)sn 83016105</subfield><subfield code="w">(OCoLC)9405897</subfield></datafield><datafield ind1="0" ind2="8" tag="776"><subfield code="t">Sun (Baltimore, Md. : 1837)</subfield><subfield code="w">(OCoLC)52767517</subfield><subfield code="w">(DLC)  2011263090</subfield></datafield><datafield ind1="0" ind2="0" tag="785"><subfield code="t">Baltimore sun</subfield><subfield code="w">(DLC)  2008251006</subfield><subfield code="w">(OCoLC)244481759</subfield></datafield><datafield ind1="1" ind2=" " tag="787"><subfield code="t">NewsBank CD news presents the Sun</subfield><subfield code="x">1064-8348</subfield><subfield code="w">(DLC)   92644664</subfield><subfield code="w">(OCoLC)26457524</subfield></datafield><datafield ind1="4" ind2="1" tag="856"><subfield code="u">http://proquest.umi.com/</subfield><subfield code="z">Available with the the ProQuest Historical Newspapers The Baltimore Sun</subfield></datafield><datafield ind1="4" ind2="1" tag="856"><subfield code="z">Full text available from LexisNexis Academic: 01/01/1994 to present</subfield><subfield code="u">http://cisweb.lexis-nexis.com/sourceselect/returnToSearch.asp?csisrc=144553&amp;after=0:ALL</subfield></datafield><datafield ind1="4" ind2="1" tag="856"><subfield code="z">Full text available from Newspaper Source: 05/24/2003 to present</subfield><subfield code="u">http://search.ebscohost.com/login.aspx?direct=true&amp;db=nfh&amp;scope=site&amp;jn=Baltimore+Sun,+The+(MD)</subfield></datafield><datafield ind1=" " ind2=" " tag="938"><subfield code="a">Kirtas Technologies, Inc.</subfield><subfield code="b">KRTS</subfield><subfield code="n">735901</subfield></datafield></record>